/home/pedro/projects/makedocument/references/bib/references.bib